<record><leader>00000cas a2200000 a 4500</leader><controlfield tag="001">9781575</controlfield><controlfield tag="008">830805d18321835maudn ne      0    0eng c</controlfield><datafield ind1=" " ind2=" " tag="010"><subfield code="a">sn 83045166 </subfield></datafield><datafield ind1=" " ind2=" " tag="040"><subfield code="a">CRL</subfield><subfield code="b">eng</subfield><subfield code="c">CRL</subfield><subfield code="d">NPW</subfield><subfield code="d">NPX</subfield><subfield code="d">NPW</subfield><subfield code="d">NPX</subfield><subfield code="d">NPU</subfield><subfield code="d">DLC</subfield><subfield code="d">NPA</subfield><subfield code="d">ANU</subfield><subfield code="d">MFN</subfield><subfield code="d">MGN</subfield><subfield code="d">CRL</subfield><subfield code="d">OCL</subfield><subfield code="d">DLC</subfield><subfield code="d">OCLCG</subfield><subfield code="d">OCLCQ</subfield><subfield code="d">OCLCF</subfield><subfield code="d">OCLCO</subfield><subfield code="d">CUS</subfield><subfield code="d">OCLCO</subfield></datafield><datafield ind1="1" ind2=" " tag="029"><subfield code="a">AU@</subfield><subfield code="b">000020128291</subfield></datafield><datafield ind1=" " ind2=" " tag="042"><subfield code="a">pcc</subfield></datafield><datafield ind1=" " ind2=" " tag="043"><subfield code="a">n-us-ma</subfield></datafield><datafield ind1="1" ind2="4" tag="050"><subfield code="a">AN</subfield></datafield><datafield ind1="0" ind2="0" tag="050"><subfield code="a">Newspaper 8169</subfield></datafield><datafield ind1="0" ind2="0" tag="245"><subfield code="a">Boston daily advertiser &amp; patriot.</subfield></datafield><datafield ind1="3" ind2="0" tag="246"><subfield code="a">Boston daily advertiser and patriot</subfield></datafield><datafield ind1="1" ind2="3" tag="246"><subfield code="a">Daily advertiser and patriot</subfield></datafield><datafield ind1=" " ind2=" " tag="260"><subfield code="a">Boston [Mass.] :</subfield><subfield code="b">Nathan Hale,</subfield><subfield code="c">1832-1835.</subfield></datafield><datafield ind1=" " ind2=" " tag="300"><subfield code="a">3 volumes ;</subfield><subfield code="c">56-60 cm.</subfield></datafield><datafield ind1=" " ind2=" " tag="310"><subfield code="a">Daily (except Sun.)</subfield></datafield><datafield ind1=" " ind2=" " tag="336"><subfield code="a">text</subfield><subfield code="b">txt</subfield><subfield code="2">rdacontent</subfield></datafield><datafield ind1=" " ind2=" " tag="337"><subfield code="a">unmediated</subfield><subfield code="b">n</subfield><subfield code="2">rdamedia</subfield></datafield><datafield ind1=" " ind2=" " tag="338"><subfield code="a">volume</subfield><subfield code="b">nc</subfield><subfield code="2">rdacarrier</subfield></datafield><datafield ind1="0" ind2=" " tag="362"><subfield code="a">Vol. 40, no. 10,648 (Jan. 2, 1832)-v. 42, no. 13,685 (Dec. 31, 1835).</subfield></datafield><datafield ind1=" " ind2=" " tag="500"><subfield code="a">Printers: Clark, Homer &amp; Lillie, &lt;1832&gt;.</subfield></datafield><datafield ind1=" " ind2=" " tag="530"><subfield code="a">Available on microfilm.</subfield></datafield><datafield ind1=" " ind2=" " tag="580"><subfield code="a">Semiweekly ed.: Independent chronicle &amp; Boston patriot (Boston, Mass. : Semiweekly).</subfield></datafield><datafield ind1=" " ind2=" " tag="580"><subfield code="a">Formed by the union of: Boston daily advertiser (Boston, Mass. : 1813), and: Boston patriot &amp; mercantile advertiser.</subfield></datafield><datafield ind1=" " ind2="0" tag="651"><subfield code="a">Boston (Mass.)</subfield><subfield code="v">Newspapers.</subfield></datafield><datafield ind1=" " ind2="7" tag="651"><subfield code="a">Massachusetts</subfield><subfield code="z">Boston.</subfield><subfield code="2">fast</subfield><subfield code="0">(OCoLC)fst01205012</subfield></datafield><datafield ind1=" " ind2="7" tag="655"><subfield code="a">Newspapers.</subfield><subfield code="2">fast</subfield><subfield code="0">(OCoLC)fst01423814</subfield></datafield><datafield ind1="1" ind2=" " tag="700"><subfield code="a">Hale, Nathan,</subfield><subfield code="d">1784-1863.</subfield></datafield><datafield ind1=" " ind2=" " tag="752"><subfield code="a">United States</subfield><subfield code="b">Massachusetts</subfield><subfield code="c">Suffolk</subfield><subfield code="d">Boston.</subfield></datafield><datafield ind1="1" ind2=" " tag="775"><subfield code="t">Independent chronicle &amp; Boston patriot (Boston, Mass. : Semiweekly)</subfield><subfield code="w">(DLC)sn 83021192</subfield><subfield code="w">(OCoLC)9881700</subfield></datafield><datafield ind1="1" ind2="4" tag="780"><subfield code="t">Boston daily advertiser (Boston, Mass. : 1813)</subfield><subfield code="w">(DLC)sn 83020953</subfield><subfield code="w">(OCoLC)9769486</subfield></datafield><datafield ind1="1" ind2="4" tag="780"><subfield code="t">Boston patriot &amp; mercantile advertiser</subfield><subfield code="w">(DLC)sn 83020951</subfield><subfield code="w">(OCoLC)9660837</subfield></datafield><datafield ind1="0" ind2="0" tag="785"><subfield code="t">Boston daily advertiser (Boston, Mass. : 1836)</subfield><subfield code="w">(DLC)sn 83045175</subfield><subfield code="w">(OCoLC)9355829</subfield></datafield></record>